@book{nielsen_chuang,
  author = {Michael A. Nielsen and Isaac L. Chuang},
  title = {Quantum Computation and Quantum Information: 10th Anniversary Edition},
  publisher = {Cambridge University Press},
  year = {2011},
  isbn = {9781107002174},
  url = {https://profmcruz.wordpress.com/wp-content/uploads/2017/08/quantum-computation-and-quantum-information-nielsen-chuang.pdf}
}

@misc{website_ref,
  title = {{MIT Open Learning Library}},
  howpublished = {\url{https://openlearninglibrary.mit.edu/courses/course-v1:MITx+8.370.1x+1T2018/about}},
  note = {Quantum Information Science I, Part 1},
}
